@inproceedings{parisi1998car,
  title="Car plate recognition by neural networks and image processing",
  author="Parisi, Raffaele and Di Claudio, Elio D and Lucarelli, G and Orlandi, G",
  booktitle="1998 IEEE International Symposium on Circuits and Systems (ISCAS)",
  volume="3",
  pages="195--198",
  year="1998",
  organization="IEEE"
}

@article{naranjo2020review,
  title="A review of convolutional neural network applied to fruit image processing",
  author="Naranjo-Torres, Jose and Mora, Marco and Hernandez-Garcia, Ruber and Barrientos, Ricardo J and Fredes, Claudio and Valenzuela, Andres",
  journal="Applied Sciences",
  volume="10",
  number="10",
  pages="3443",
  year="2020",
  publisher="Multidisciplinary Digital Publishing Institute"
}

@misc{wilimitis_2019, 
 title="The kernel trick", 
 url="https://towardsdatascience.com/the-kernel-trick-c98cdbcaeb3f",
 journal="Medium", 
 publisher="Towards Data Science", 
 author="Wilimitis, Drew", 
 year="2019", 
 month="Feb"
 } 
 
@article{hofmann2008kernel,
  title="Kernel methods in machine learning",
  author="Hofmann, Thomas and Scholkopf, Bernhard and Smola, Alexander J",
  journal="The annals of statistics",
  volume="36",
  number="3",
  pages="1171--1220",
  year="2008",
  publisher="Institute of Mathematical Statistics"
}

@article{samek2021explaining,
  title="Explaining deep neural networks and beyond: A review of methods and applications",
  author="Samek, Wojciech and Montavon, Gregoire and Lapuschkin, Sebastian and Anders, Christopher J and Muller, Klaus-Robert",
  journal="Proceedings of the IEEE",
  volume="109",
  number="3",
  pages="247--278",
  year="2021",
  publisher="IEEE"
}

@Inbook{Rasmussen2004,
  author="Rasmussen, Carl Edward",
  title="Gaussian Processes in Machine Learning",
  bookTitle="Advanced Lectures on Machine Learning: ML Summer Schools 2003, Canberra, Australia, February 2 - 14, 2003, Tubingen, Germany, August 4 - 16, 2003, Revised Lectures",
  year="2004",
  publisher="Springer Berlin Heidelberg",
  address="Berlin, Heidelberg",
  pages="63--71",
  url="https://doi.org/10.1007/978-3-540-28650-9_4"
}